%YAML 1.1
%TAG !u! tag:unity3d.com,2011:
--- !u!1 &95786120688279941
GameObject:
  m_ObjectHideFlags: 0
  m_CorrespondingSourceObject: {fileID: 0}
  m_PrefabInstance: {fileID: 0}
  m_PrefabAsset: {fileID: 0}
  serializedVersion: 6
  m_Component:
  - component: {fileID: 6641001053247662007}
  - component: {fileID: 1784216800023040173}
  - component: {fileID: 7461134887778286143}
  m_Layer: 5
  m_Name: Panel
  m_TagString: Untagged
  m_Icon: {fileID: 0}
  m_NavMeshLayer: 0
  m_StaticEditorFlags: 0
  m_IsActive: 1
--- !u!224 &6641001053247662007
RectTransform:
  m_ObjectHideFlags: 0
  m_CorrespondingSourceObject: {fileID: 0}
  m_PrefabInstance: {fileID: 0}
  m_PrefabAsset: {fileID: 0}
  m_GameObject: {fileID: 95786120688279941}
  m_LocalRotation: {x: 0, y: 0, z: 0, w: 1}
  m_LocalPosition: {x: 0, y: 0, z: 0}
  m_LocalScale: {x: 1, y: 1, z: 1}
  m_Children:
  - {fileID: 5288915492706653711}
  m_Father: {fileID: 6160551683305229591}
  m_RootOrder: 0
  m_LocalEulerAnglesHint: {x: 0, y: 0, z: 0}
  m_AnchorMin: {x: 0, y: 0}
  m_AnchorMax: {x: 1, y: 1}
  m_AnchoredPosition: {x: 0, y: 0}
  m_SizeDelta: {x: 0, y: 0}
  m_Pivot: {x: 0.5, y: 0.5}
--- !u!222 &1784216800023040173
CanvasRenderer:
  m_ObjectHideFlags: 0
  m_CorrespondingSourceObject: {fileID: 0}
  m_PrefabInstance: {fileID: 0}
  m_PrefabAsset: {fileID: 0}
  m_GameObject: {fileID: 95786120688279941}
  m_CullTransparentMesh: 1
--- !u!114 &7461134887778286143
MonoBehaviour:
  m_ObjectHideFlags: 0
  m_CorrespondingSourceObject: {fileID: 0}
  m_PrefabInstance: {fileID: 0}
  m_PrefabAsset: {fileID: 0}
  m_GameObject: {fileID: 95786120688279941}
  m_Enabled: 0
  m_EditorHideFlags: 0
  m_Script: {fileID: 11500000, guid: fe87c0e1cc204ed48ad3b37840f39efc, type: 3}
  m_Name: 
  m_EditorClassIdentifier: 
  m_Material: {fileID: 0}
  m_Color: {r: 1, g: 1, b: 1, a: 0.392}
  m_RaycastTarget: 1
  m_RaycastPadding: {x: 0, y: 0, z: 0, w: 0}
  m_Maskable: 1
  m_OnCullStateChanged:
    m_PersistentCalls:
      m_Calls: []
  m_Sprite: {fileID: 10907, guid: 0000000000000000f000000000000000, type: 0}
  m_Type: 1
  m_PreserveAspect: 0
  m_FillCenter: 1
  m_FillMethod: 4
  m_FillAmount: 1
  m_FillClockwise: 1
  m_FillOrigin: 0
  m_UseSpriteMesh: 0
  m_PixelsPerUnitMultiplier: 1
--- !u!1 &805540059889476597
GameObject:
  m_ObjectHideFlags: 0
  m_CorrespondingSourceObject: {fileID: 0}
  m_PrefabInstance: {fileID: 0}
  m_PrefabAsset: {fileID: 0}
  serializedVersion: 6
  m_Component:
  - component: {fileID: 3319407576929205882}
  - component: {fileID: 5332718707402218839}
  - component: {fileID: 4093495822956512398}
  - component: {fileID: 496065749622977541}
  - component: {fileID: 516252776362329973}
  m_Layer: 5
  m_Name: DistanceText
  m_TagString: Untagged
  m_Icon: {fileID: 0}
  m_NavMeshLayer: 0
  m_StaticEditorFlags: 0
  m_IsActive: 1
--- !u!224 &3319407576929205882
RectTransform:
  m_ObjectHideFlags: 0
  m_CorrespondingSourceObject: {fileID: 0}
  m_PrefabInstance: {fileID: 0}
  m_PrefabAsset: {fileID: 0}
  m_GameObject: {fileID: 805540059889476597}
  m_LocalRotation: {x: 0, y: 0, z: 0, w: 1}
  m_LocalPosition: {x: 0, y: 0, z: 0}
  m_LocalScale: {x: 1, y: 1, z: 1}
  m_Children: []
  m_Father: {fileID: 6160551683305229591}
  m_RootOrder: 2
  m_LocalEulerAnglesHint: {x: 0, y: 0, z: 0}
  m_AnchorMin: {x: 0.39800003, y: 0.92700005}
  m_AnchorMax: {x: 0.6062082, y: 0.9767778}
  m_AnchoredPosition: {x: -4, y: -13.721313}
  m_SizeDelta: {x: 0, y: 27.442}
  m_Pivot: {x: 0.5, y: 0.5}
--- !u!222 &5332718707402218839
CanvasRenderer:
  m_ObjectHideFlags: 0
  m_CorrespondingSourceObject: {fileID: 0}
  m_PrefabInstance: {fileID: 0}
  m_PrefabAsset: {fileID: 0}
  m_GameObject: {fileID: 805540059889476597}
  m_CullTransparentMesh: 1
--- !u!114 &4093495822956512398
MonoBehaviour:
  m_ObjectHideFlags: 0
  m_CorrespondingSourceObject: {fileID: 0}
  m_PrefabInstance: {fileID: 0}
  m_PrefabAsset: {fileID: 0}
  m_GameObject: {fileID: 805540059889476597}
  m_Enabled: 1
  m_EditorHideFlags: 0
  m_Script: {fileID: 11500000, guid: 5f7201a12d95ffc409449d95f23cf332, type: 3}
  m_Name: 
  m_EditorClassIdentifier: 
  m_Material: {fileID: 0}
  m_Color: {r: 1, g: 1, b: 1, a: 1}
  m_RaycastTarget: 1
  m_RaycastPadding: {x: 0, y: 0, z: 0, w: 0}
  m_Maskable: 1
  m_OnCullStateChanged:
    m_PersistentCalls:
      m_Calls: []
  m_FontData:
    m_Font: {fileID: 12800000, guid: 31d908dcc417a00469a7bd238b531872, type: 3}
    m_FontSize: 40
    m_FontStyle: 0
    m_BestFit: 1
    m_MinSize: 3
    m_MaxSize: 300
    m_Alignment: 1
    m_AlignByGeometry: 0
    m_RichText: 1
    m_HorizontalOverflow: 0
    m_VerticalOverflow: 0
    m_LineSpacing: 1
  m_Text: 0m
--- !u!114 &496065749622977541
MonoBehaviour:
  m_ObjectHideFlags: 0
  m_CorrespondingSourceObject: {fileID: 0}
  m_PrefabInstance: {fileID: 0}
  m_PrefabAsset: {fileID: 0}
  m_GameObject: {fileID: 805540059889476597}
  m_Enabled: 1
  m_EditorHideFlags: 0
  m_Script: {fileID: 11500000, guid: cfabb0440166ab443bba8876756fdfa9, type: 3}
  m_Name: 
  m_EditorClassIdentifier: 
  m_EffectColor: {r: 0, g: 0, b: 0, a: 0.4745098}
  m_EffectDistance: {x: 1, y: -1}
  m_UseGraphicAlpha: 1
--- !u!114 &516252776362329973
MonoBehaviour:
  m_ObjectHideFlags: 0
  m_CorrespondingSourceObject: {fileID: 0}
  m_PrefabInstance: {fileID: 0}
  m_PrefabAsset: {fileID: 0}
  m_GameObject: {fileID: 805540059889476597}
  m_Enabled: 1
  m_EditorHideFlags: 0
  m_Script: {fileID: 11500000, guid: e19747de3f5aca642ab2be37e372fb86, type: 3}
  m_Name: 
  m_EditorClassIdentifier: 
  m_EffectColor: {r: 0, g: 0, b: 0, a: 0.5}
  m_EffectDistance: {x: 1, y: -1}
  m_UseGraphicAlpha: 1
--- !u!1 &1383216066935775677
GameObject:
  m_ObjectHideFlags: 0
  m_CorrespondingSourceObject: {fileID: 0}
  m_PrefabInstance: {fileID: 0}
  m_PrefabAsset: {fileID: 0}
  serializedVersion: 6
  m_Component:
  - component: {fileID: 4968934176324750561}
  - component: {fileID: 1031220518943057380}
  - component: {fileID: 4698323683619247420}
  - component: {fileID: 3052935807253052059}
  - component: {fileID: 6227387554069653496}
  m_Layer: 5
  m_Name: Info
  m_TagString: Untagged
  m_Icon: {fileID: 0}
  m_NavMeshLayer: 0
  m_StaticEditorFlags: 0
  m_IsActive: 1
--- !u!224 &4968934176324750561
RectTransform:
  m_ObjectHideFlags: 0
  m_CorrespondingSourceObject: {fileID: 0}
  m_PrefabInstance: {fileID: 0}
  m_PrefabAsset: {fileID: 0}
  m_GameObject: {fileID: 1383216066935775677}
  m_LocalRotation: {x: 0, y: 0, z: 0, w: 1}
  m_LocalPosition: {x: 0, y: 0, z: 0}
  m_LocalScale: {x: 1, y: 1, z: 1}
  m_Children: []
  m_Father: {fileID: 6160551683305229591}
  m_RootOrder: 5
  m_LocalEulerAnglesHint: {x: 0, y: 0, z: 0}
  m_AnchorMin: {x: 0.77023256, y: 0.011764705}
  m_AnchorMax: {x: 1, y: 0.18813427}
  m_AnchoredPosition: {x: -5.328003, y: 2.3353271}
  m_SizeDelta: {x: -9.3438, y: 3.8139992}
  m_Pivot: {x: 0.5, y: 0.5}
--- !u!222 &1031220518943057380
CanvasRenderer:
  m_ObjectHideFlags: 0
  m_CorrespondingSourceObject: {fileID: 0}
  m_PrefabInstance: {fileID: 0}
  m_PrefabAsset: {fileID: 0}
  m_GameObject: {fileID: 1383216066935775677}
  m_CullTransparentMesh: 1
--- !u!114 &4698323683619247420
MonoBehaviour:
  m_ObjectHideFlags: 0
  m_CorrespondingSourceObject: {fileID: 0}
  m_PrefabInstance: {fileID: 0}
  m_PrefabAsset: {fileID: 0}
  m_GameObject: {fileID: 1383216066935775677}
  m_Enabled: 1
  m_EditorHideFlags: 0
  m_Script: {fileID: 11500000, guid: 5f7201a12d95ffc409449d95f23cf332, type: 3}
  m_Name: 
  m_EditorClassIdentifier: 
  m_Material: {fileID: 0}
  m_Color: {r: 1, g: 1, b: 1, a: 1}
  m_RaycastTarget: 1
  m_RaycastPadding: {x: 0, y: 0, z: 0, w: 0}
  m_Maskable: 1
  m_OnCullStateChanged:
    m_PersistentCalls:
      m_Calls: []
  m_FontData:
    m_Font: {fileID: 12800000, guid: 31d908dcc417a00469a7bd238b531872, type: 3}
    m_FontSize: 14
    m_FontStyle: 0
    m_BestFit: 1
    m_MinSize: 0
    m_MaxSize: 300
    m_Alignment: 8
    m_AlignByGeometry: 0
    m_RichText: 1
    m_HorizontalOverflow: 0
    m_VerticalOverflow: 0
    m_LineSpacing: 1
  m_Text: '(Un)mute Music [M]

    Restart Scene [R]

    Main Menu [ESC]'
--- !u!114 &3052935807253052059
MonoBehaviour:
  m_ObjectHideFlags: 0
  m_CorrespondingSourceObject: {fileID: 0}
  m_PrefabInstance: {fileID: 0}
  m_PrefabAsset: {fileID: 0}
  m_GameObject: {fileID: 1383216066935775677}
  m_Enabled: 1
  m_EditorHideFlags: 0
  m_Script: {fileID: 11500000, guid: cfabb0440166ab443bba8876756fdfa9, type: 3}
  m_Name: 
  m_EditorClassIdentifier: 
  m_EffectColor: {r: 0, g: 0, b: 0, a: 0.4745098}
  m_EffectDistance: {x: 1, y: -1}
  m_UseGraphicAlpha: 1
--- !u!114 &6227387554069653496
MonoBehaviour:
  m_ObjectHideFlags: 0
  m_CorrespondingSourceObject: {fileID: 0}
  m_PrefabInstance: {fileID: 0}
  m_PrefabAsset: {fileID: 0}
  m_GameObject: {fileID: 1383216066935775677}
  m_Enabled: 1
  m_EditorHideFlags: 0
  m_Script: {fileID: 11500000, guid: e19747de3f5aca642ab2be37e372fb86, type: 3}
  m_Name: 
  m_EditorClassIdentifier: 
  m_EffectColor: {r: 0, g: 0, b: 0, a: 0.5}
  m_EffectDistance: {x: 1, y: -1}
  m_UseGraphicAlpha: 1
--- !u!1 &2313746073189349393
GameObject:
  m_ObjectHideFlags: 0
  m_CorrespondingSourceObject: {fileID: 0}
  m_PrefabInstance: {fileID: 0}
  m_PrefabAsset: {fileID: 0}
  serializedVersion: 6
  m_Component:
  - component: {fileID: 3446200869256265358}
  - component: {fileID: 5506678156373518455}
  - component: {fileID: 4469519532068481045}
  - component: {fileID: 7517218901131690990}
  - component: {fileID: 3829084866883055319}
  m_Layer: 5
  m_Name: TimeText
  m_TagString: Untagged
  m_Icon: {fileID: 0}
  m_NavMeshLayer: 0
  m_StaticEditorFlags: 0
  m_IsActive: 1
--- !u!224 &3446200869256265358
RectTransform:
  m_ObjectHideFlags: 0
  m_CorrespondingSourceObject: {fileID: 0}
  m_PrefabInstance: {fileID: 0}
  m_PrefabAsset: {fileID: 0}
  m_GameObject: {fileID: 2313746073189349393}
  m_LocalRotation: {x: 0, y: 0, z: 0, w: 1}
  m_LocalPosition: {x: 0, y: 0, z: 0}
  m_LocalScale: {x: 1, y: 1, z: 1}
  m_Children: []
  m_Father: {fileID: 6160551683305229591}
  m_RootOrder: 3
  m_LocalEulerAnglesHint: {x: 0, y: 0, z: 0}
  m_AnchorMin: {x: 0.39800003, y: 0.83351856}
  m_AnchorMax: {x: 0.6062082, y: 0.906}
  m_AnchoredPosition: {x: -5.386505, y: -0.114990234}
  m_SizeDelta: {x: 0, y: 5.3449993}
  m_Pivot: {x: 0.5, y: 0.5}
--- !u!222 &5506678156373518455
CanvasRenderer:
  m_ObjectHideFlags: 0
  m_CorrespondingSourceObject: {fileID: 0}
  m_PrefabInstance: {fileID: 0}
  m_PrefabAsset: {fileID: 0}
  m_GameObject: {fileID: 2313746073189349393}
  m_CullTransparentMesh: 1
--- !u!114 &4469519532068481045
MonoBehaviour:
  m_ObjectHideFlags: 0
  m_CorrespondingSourceObject: {fileID: 0}
  m_PrefabInstance: {fileID: 0}
  m_PrefabAsset: {fileID: 0}
  m_GameObject: {fileID: 2313746073189349393}
  m_Enabled: 1
  m_EditorHideFlags: 0
  m_Script: {fileID: 11500000, guid: 5f7201a12d95ffc409449d95f23cf332, type: 3}
  m_Name: 
  m_EditorClassIdentifier: 
  m_Material: {fileID: 0}
  m_Color: {r: 1, g: 1, b: 1, a: 1}
  m_RaycastTarget: 1
  m_RaycastPadding: {x: 0, y: 0, z: 0, w: 0}
  m_Maskable: 1
  m_OnCullStateChanged:
    m_PersistentCalls:
      m_Calls: []
  m_FontData:
    m_Font: {fileID: 12800000, guid: 31d908dcc417a00469a7bd238b531872, type: 3}
    m_FontSize: 43
    m_FontStyle: 0
    m_BestFit: 1
    m_MinSize: 3
    m_MaxSize: 300
    m_Alignment: 1
    m_AlignByGeometry: 0
    m_RichText: 1
    m_HorizontalOverflow: 0
    m_VerticalOverflow: 0
    m_LineSpacing: 1
  m_Text: 0s
--- !u!114 &7517218901131690990
MonoBehaviour:
  m_ObjectHideFlags: 0
  m_CorrespondingSourceObject: {fileID: 0}
  m_PrefabInstance: {fileID: 0}
  m_PrefabAsset: {fileID: 0}
  m_GameObject: {fileID: 2313746073189349393}
  m_Enabled: 1
  m_EditorHideFlags: 0
  m_Script: {fileID: 11500000, guid: cfabb0440166ab443bba8876756fdfa9, type: 3}
  m_Name: 
  m_EditorClassIdentifier: 
  m_EffectColor: {r: 0, g: 0, b: 0, a: 0.4745098}
  m_EffectDistance: {x: 1, y: -1}
  m_UseGraphicAlpha: 1
--- !u!114 &3829084866883055319
MonoBehaviour:
  m_ObjectHideFlags: 0
  m_CorrespondingSourceObject: {fileID: 0}
  m_PrefabInstance: {fileID: 0}
  m_PrefabAsset: {fileID: 0}
  m_GameObject: {fileID: 2313746073189349393}
  m_Enabled: 1
  m_EditorHideFlags: 0
  m_Script: {fileID: 11500000, guid: e19747de3f5aca642ab2be37e372fb86, type: 3}
  m_Name: 
  m_EditorClassIdentifier: 
  m_EffectColor: {r: 0, g: 0, b: 0, a: 0.5}
  m_EffectDistance: {x: 1, y: -1}
  m_UseGraphicAlpha: 1
--- !u!1 &2639370331873475832
GameObject:
  m_ObjectHideFlags: 0
  m_CorrespondingSourceObject: {fileID: 0}
  m_PrefabInstance: {fileID: 0}
  m_PrefabAsset: {fileID: 0}
  serializedVersion: 6
  m_Component:
  - component: {fileID: 45201178215566512}
  - component: {fileID: 5268735468255942937}
  - component: {fileID: 6120616677164324882}
  m_Layer: 5
  m_Name: HorseHelpText
  m_TagString: Untagged
  m_Icon: {fileID: 0}
  m_NavMeshLayer: 0
  m_StaticEditorFlags: 0
  m_IsActive: 1
--- !u!224 &45201178215566512
RectTransform:
  m_ObjectHideFlags: 0
  m_CorrespondingSourceObject: {fileID: 0}
  m_PrefabInstance: {fileID: 0}
  m_PrefabAsset: {fileID: 0}
  m_GameObject: {fileID: 2639370331873475832}
  m_LocalRotation: {x: 0, y: 0, z: 0, w: 1}
  m_LocalPosition: {x: 0, y: 0, z: 0}
  m_LocalScale: {x: 1, y: 1, z: 1}
  m_Children:
  - {fileID: 1545987817567592334}
  m_Father: {fileID: 6160551683305229591}
  m_RootOrder: 6
  m_LocalEulerAnglesHint: {x: 0, y: 0, z: 0}
  m_AnchorMin: {x: 0.21832892, y: 0}
  m_AnchorMax: {x: 0.77023256, y: 0.18813427}
  m_AnchoredPosition: {x: 1.2619629, y: 7.300049}
  m_SizeDelta: {x: -4.476013, y: -6.970001}
  m_Pivot: {x: 0.5, y: 0.5}
--- !u!222 &5268735468255942937
CanvasRenderer:
  m_ObjectHideFlags: 0
  m_CorrespondingSourceObject: {fileID: 0}
  m_PrefabInstance: {fileID: 0}
  m_PrefabAsset: {fileID: 0}
  m_GameObject: {fileID: 2639370331873475832}
  m_CullTransparentMesh: 1
--- !u!114 &6120616677164324882
MonoBehaviour:
  m_ObjectHideFlags: 0
  m_CorrespondingSourceObject: {fileID: 0}
  m_PrefabInstance: {fileID: 0}
  m_PrefabAsset: {fileID: 0}
  m_GameObject: {fileID: 2639370331873475832}
  m_Enabled: 1
  m_EditorHideFlags: 0
  m_Script: {fileID: 11500000, guid: fe87c0e1cc204ed48ad3b37840f39efc, type: 3}
  m_Name: 
  m_EditorClassIdentifier: 
  m_Material: {fileID: 0}
  m_Color: {r: 1, g: 1, b: 1, a: 1}
  m_RaycastTarget: 1
  m_RaycastPadding: {x: 0, y: 0, z: 0, w: 0}
  m_Maskable: 1
  m_OnCullStateChanged:
    m_PersistentCalls:
      m_Calls: []
  m_Sprite: {fileID: 21300000, guid: e960365408a24dc4c817bdd83582580d, type: 3}
  m_Type: 0
  m_PreserveAspect: 0
  m_FillCenter: 1
  m_FillMethod: 4
  m_FillAmount: 1
  m_FillClockwise: 1
  m_FillOrigin: 0
  m_UseSpriteMesh: 0
  m_PixelsPerUnitMultiplier: 1
--- !u!1 &3377055429037178237
GameObject:
  m_ObjectHideFlags: 0
  m_CorrespondingSourceObject: {fileID: 0}
  m_PrefabInstance: {fileID: 0}
  m_PrefabAsset: {fileID: 0}
  serializedVersion: 6
  m_Component:
  - component: {fileID: 1627051102882233420}
  m_Layer: 5
  m_Name: SheepUI
  m_TagString: Untagged
  m_Icon: {fileID: 0}
  m_NavMeshLayer: 0
  m_StaticEditorFlags: 0
  m_IsActive: 1
--- !u!224 &1627051102882233420
RectTransform:
  m_ObjectHideFlags: 0
  m_CorrespondingSourceObject: {fileID: 0}
  m_PrefabInstance: {fileID: 0}
  m_PrefabAsset: {fileID: 0}
  m_GameObject: {fileID: 3377055429037178237}
  m_LocalRotation: {x: 0, y: 0, z: 0, w: 1}
  m_LocalPosition: {x: 0, y: 0, z: 0}
  m_LocalScale: {x: 1, y: 1, z: 1}
  m_Children:
  - {fileID: 760776419483973258}
  - {fileID: 4529521343658231204}
  m_Father: {fileID: 6160551683305229591}
  m_RootOrder: 1
  m_LocalEulerAnglesHint: {x: 0, y: 0, z: 0}
  m_AnchorMin: {x: 0, y: 0.74700004}
  m_AnchorMax: {x: 0.18889037, y: 1}
  m_AnchoredPosition: {x: -0.09667969, y: -1.8679199}
  m_SizeDelta: {x: -0.1933899, y: -0.26420593}
  m_Pivot: {x: 0.5, y: 0.5}
--- !u!114 &3581656305322552896
MonoBehaviour:
  m_ObjectHideFlags: 0
  m_CorrespondingSourceObject: {fileID: 0}
  m_PrefabInstance: {fileID: 0}
  m_PrefabAsset: {fileID: 0}
  m_GameObject: {fileID: 3388254024903357000}
  m_Enabled: 1
  m_EditorHideFlags: 0
  m_Script: {fileID: 11500000, guid: 59876a8408ad916458bad2e0cc65f633, type: 3}
  m_Name: 
  m_EditorClassIdentifier: 
  AppleSpawner: {fileID: 7407407659204335036, guid: e43d75a86e635bc4cabd513211217536, type: 3}
  Controls: {fileID: 4428710512113353265}
  Finish: {fileID: 0}
  MainCamera: {fileID: 3581656305078606245}
  Music: {fileID: 3581656304087589491}
  xMinus: 6
  Height: 8
  DistanceText: {fileID: 805540059889476597}
  TimeText: {fileID: 2313746073189349393}
  PowerUpIcons:
  - {fileID: 5241447240445691840, guid: 48963f0809b9fbb4cbed101069c703ca, type: 3}
  Panel: {fileID: 95786120688279941}
--- !u!1 &3581656303663901754
GameObject:
  m_ObjectHideFlags: 0
  m_CorrespondingSourceObject: {fileID: 0}
  m_PrefabInstance: {fileID: 0}
  m_PrefabAsset: {fileID: 0}
  serializedVersion: 6
  m_Component:
  - component: {fileID: 3581656303663901753}
  - component: {fileID: 3581656303663901752}
  - component: {fileID: 3581656303663901755}
  m_Layer: 0
  m_Name: UI camera
  m_TagString: Untagged
  m_Icon: {fileID: 0}
  m_NavMeshLayer: 0
  m_StaticEditorFlags: 0
  m_IsActive: 1
--- !u!4 &3581656303663901753
Transform:
  m_ObjectHideFlags: 0
  m_CorrespondingSourceObject: {fileID: 0}
  m_PrefabInstance: {fileID: 0}
  m_PrefabAsset: {fileID: 0}
  m_GameObject: {fileID: 3581656303663901754}
  m_LocalRotation: {x: -0, y: -0, z: -0, w: 1}
  m_LocalPosition: {x: 2792.7568, y: 2017.4707, z: -78.95786}
  m_LocalScale: {x: 1, y: 1, z: 1}
  m_Children: []
  m_Father: {fileID: 3581656303766939928}
  m_RootOrder: 2
  m_LocalEulerAnglesHint: {x: 0, y: 0, z: 0}
--- !u!20 &3581656303663901752
Camera:
  m_ObjectHideFlags: 0
  m_CorrespondingSourceObject: {fileID: 0}
  m_PrefabInstance: {fileID: 0}
  m_PrefabAsset: {fileID: 0}
  m_GameObject: {fileID: 3581656303663901754}
  m_Enabled: 1
  serializedVersion: 2
  m_ClearFlags: 3
  m_BackGroundColor: {r: 0.19215687, g: 0.3019608, b: 0.4745098, a: 0}
  m_projectionMatrixMode: 1
  m_GateFitMode: 2
  m_FOVAxisMode: 0
  m_SensorSize: {x: 36, y: 24}
  m_LensShift: {x: 0, y: 0}
  m_FocalLength: 50
  m_NormalizedViewPortRect:
    serializedVersion: 2
    x: 0
    y: 0
    width: 1
    height: 1
  near clip plane: 0.3
  far clip plane: 1000
  field of view: 60
  orthographic: 0
  orthographic size: 5
  m_Depth: 0
  m_CullingMask:
    serializedVersion: 2
    m_Bits: 4294967295
  m_RenderingPath: -1
  m_TargetTexture: {fileID: 0}
  m_TargetDisplay: 0
  m_TargetEye: 3
  m_HDR: 1
  m_AllowMSAA: 1
  m_AllowDynamicResolution: 0
  m_ForceIntoRT: 0
  m_OcclusionCulling: 1
  m_StereoConvergence: 10
  m_StereoSeparation: 0.022
--- !u!81 &3581656303663901755
AudioListener:
  m_ObjectHideFlags: 0
  m_CorrespondingSourceObject: {fileID: 0}
  m_PrefabInstance: {fileID: 0}
  m_PrefabAsset: {fileID: 0}
  m_GameObject: {fileID: 3581656303663901754}
  m_Enabled: 0
--- !u!1 &3581656303702848662
GameObject:
  m_ObjectHideFlags: 0
  m_CorrespondingSourceObject: {fileID: 0}
  m_PrefabInstance: {fileID: 0}
  m_PrefabAsset: {fileID: 0}
  serializedVersion: 6
  m_Component:
  - component: {fileID: 3581656303702848660}
  - component: {fileID: 3581656303702848663}
  m_Layer: 0
  m_Name: GameManager
  m_TagString: Untagged
  m_Icon: {fileID: 0}
  m_NavMeshLayer: 0
  m_StaticEditorFlags: 0
  m_IsActive: 1
--- !u!4 &3581656303702848660
Transform:
  m_ObjectHideFlags: 0
  m_CorrespondingSourceObject: {fileID: 0}
  m_PrefabInstance: {fileID: 0}
  m_PrefabAsset: {fileID: 0}
  m_GameObject: {fileID: 3581656303702848662}
  m_LocalRotation: {x: -0, y: -0, z: -0, w: 1}
  m_LocalPosition: {x: -0.73846436, y: 12.187803, z: -5.0866833}
  m_LocalScale: {x: 1, y: 1, z: 1}
  m_Children: []
  m_Father: {fileID: 3581656303766939928}
  m_RootOrder: 0
  m_LocalEulerAnglesHint: {x: 0, y: 0, z: 0}
--- !u!114 &3581656303702848663
MonoBehaviour:
  m_ObjectHideFlags: 0
  m_CorrespondingSourceObject: {fileID: 0}
  m_PrefabInstance: {fileID: 0}
  m_PrefabAsset: {fileID: 0}
  m_GameObject: {fileID: 3581656303702848662}
  m_Enabled: 1
  m_EditorHideFlags: 0
  m_Script: {fileID: 11500000, guid: 33d264043b812c54e8adf5c54f04c470, type: 3}
  m_Name: 
  m_EditorClassIdentifier: 
  Paused: 0
  Music: {fileID: 3581656304087589491}
  showEachHelpTextForSeconds: 3
  HorseHelpTextBubbleGameObject: {fileID: 6120616677164324882}
  HorseHelpTextGameObject: {fileID: 7246871317514625762}
  NextHelpTextLines: []
--- !u!1 &3581656303766939931
GameObject:
  m_ObjectHideFlags: 0
  m_CorrespondingSourceObject: {fileID: 0}
  m_PrefabInstance: {fileID: 0}
  m_PrefabAsset: {fileID: 0}
  serializedVersion: 6
  m_Component:
  - component: {fileID: 3581656303766939928}
  m_Layer: 0
  m_Name: Base
  m_TagString: Untagged
  m_Icon: {fileID: 0}
  m_NavMeshLayer: 0
  m_StaticEditorFlags: 0
  m_IsActive: 1
--- !u!4 &3581656303766939928
Transform:
  m_ObjectHideFlags: 0
  m_CorrespondingSourceObject: {fileID: 0}
  m_PrefabInstance: {fileID: 0}
  m_PrefabAsset: {fileID: 0}
  m_GameObject: {fileID: 3581656303766939931}
  m_LocalRotation: {x: 0, y: 0, z: 0, w: 1}
  m_LocalPosition: {x: -792.7568, y: -17.470665, z: 23.974482}
  m_LocalScale: {x: 1, y: 1, z: 1}
  m_Children:
  - {fileID: 3581656303702848660}
  - {fileID: 3388254024903357003}
  - {fileID: 3581656303663901753}
  - {fileID: 6160551683305229591}
  - {fileID: 3581656305078606168}
  - {fileID: 3908596794950310027}
  - {fileID: 3581656305621471582}
  m_Father: {fileID: 0}
  m_RootOrder: 0
  m_LocalEulerAnglesHint: {x: 0, y: 0, z: 0}
--- !u!1 &3581656304087589501
GameObject:
  m_ObjectHideFlags: 0
  m_CorrespondingSourceObject: {fileID: 0}
  m_PrefabInstance: {fileID: 0}
  m_PrefabAsset: {fileID: 0}
  serializedVersion: 6
  m_Component:
  - component: {fileID: 3581656304087589490}
  - component: {fileID: 3581656304087589491}
  m_Layer: 0
  m_Name: Music
  m_TagString: Untagged
  m_Icon: {fileID: 0}
  m_NavMeshLayer: 0
  m_StaticEditorFlags: 0
  m_IsActive: 1
--- !u!4 &3581656304087589490
Transform:
  m_ObjectHideFlags: 0
  m_CorrespondingSourceObject: {fileID: 0}
  m_PrefabInstance: {fileID: 0}
  m_PrefabAsset: {fileID: 0}
  m_GameObject: {fileID: 3581656304087589501}
  m_LocalRotation: {x: 0, y: 0, z: 0, w: 1}
  m_LocalPosition: {x: 0, y: 0, z: 0}
  m_LocalScale: {x: 1, y: 1, z: 1}
  m_Children: []
  m_Father: {fileID: 3581656305078606168}
  m_RootOrder: 1
  m_LocalEulerAnglesHint: {x: 0, y: 0, z: 0}
--- !u!82 &3581656304087589491
AudioSource:
  m_ObjectHideFlags: 0
  m_CorrespondingSourceObject: {fileID: 0}
  m_PrefabInstance: {fileID: 0}
  m_PrefabAsset: {fileID: 0}
  m_GameObject: {fileID: 3581656304087589501}
  m_Enabled: 1
  serializedVersion: 4
  OutputAudioMixerGroup: {fileID: 0}
  m_audioClip: {fileID: 8300000, guid: 435284c2c9488054fa5818c4d45c3d3a, type: 3}
  m_PlayOnAwake: 1
  m_Volume: 0.399
  m_Pitch: 1
  Loop: 1
  Mute: 0
  Spatialize: 0
  SpatializePostEffects: 0
  Priority: 128
  DopplerLevel: 1
  MinDistance: 1
  MaxDistance: 500
  Pan2D: 0
  rolloffMode: 0
  BypassEffects: 0
  BypassListenerEffects: 0
  BypassReverbZones: 0
  rolloffCustomCurve:
    serializedVersion: 2
    m_Curve:
    - serializedVersion: 3
      time: 0
      value: 1
      inSlope: 0
      outSlope: 0
      tangentMode: 0
      weightedMode: 0
      inWeight: 0.33333334
      outWeight: 0.33333334
    - serializedVersion: 3
      time: 1
      value: 0
      inSlope: 0
      outSlope: 0
      tangentMode: 0
      weightedMode: 0
      inWeight: 0.33333334
      outWeight: 0.33333334
    m_PreInfinity: 2
    m_PostInfinity: 2
    m_RotationOrder: 4
  panLevelCustomCurve:
    serializedVersion: 2
    m_Curve:
    - serializedVersion: 3
      time: 0
      value: 0
      inSlope: 0
      outSlope: 0
      tangentMode: 0
      weightedMode: 0
      inWeight: 0.33333334
      outWeight: 0.33333334
    m_PreInfinity: 2
    m_PostInfinity: 2
    m_RotationOrder: 4
  spreadCustomCurve:
    serializedVersion: 2
    m_Curve:
    - serializedVersion: 3
      time: 0
      value: 0
      inSlope: 0
      outSlope: 0
      tangentMode: 0
      weightedMode: 0
      inWeight: 0.33333334
      outWeight: 0.33333334
    m_PreInfinity: 2
    m_PostInfinity: 2
    m_RotationOrder: 4
  reverbZoneMixCustomCurve:
    serializedVersion: 2
    m_Curve:
    - serializedVersion: 3
      time: 0
      value: 1
      inSlope: 0
      outSlope: 0
      tangentMode: 0
      weightedMode: 0
      inWeight: 0.33333334
      outWeight: 0.33333334
    m_PreInfinity: 2
    m_PostInfinity: 2
    m_RotationOrder: 4
--- !u!1 &3581656304531097150
GameObject:
  m_ObjectHideFlags: 0
  m_CorrespondingSourceObject: {fileID: 0}
  m_PrefabInstance: {fileID: 0}
  m_PrefabAsset: {fileID: 0}
  serializedVersion: 6
  m_Component:
  - component: {fileID: 3581656304531097151}
  - component: {fileID: 3581656304531097148}
  m_Layer: 0
  m_Name: Camera Audio
  m_TagString: Untagged
  m_Icon: {fileID: 0}
  m_NavMeshLayer: 0
  m_StaticEditorFlags: 0
  m_IsActive: 1
--- !u!4 &3581656304531097151
Transform:
  m_ObjectHideFlags: 0
  m_CorrespondingSourceObject: {fileID: 0}
  m_PrefabInstance: {fileID: 0}
  m_PrefabAsset: {fileID: 0}
  m_GameObject: {fileID: 3581656304531097150}
  m_LocalRotation: {x: 0, y: 0, z: 0, w: 1}
  m_LocalPosition: {x: 0, y: 0, z: 0}
  m_LocalScale: {x: 1, y: 1, z: 1}
  m_Children: []
  m_Father: {fileID: 3581656305078606168}
  m_RootOrder: 0
  m_LocalEulerAnglesHint: {x: 0, y: 0, z: 0}
--- !u!82 &3581656304531097148
AudioSource:
  m_ObjectHideFlags: 0
  m_CorrespondingSourceObject: {fileID: 0}
  m_PrefabInstance: {fileID: 0}
  m_PrefabAsset: {fileID: 0}
  m_GameObject: {fileID: 3581656304531097150}
  m_Enabled: 1
  serializedVersion: 4
  OutputAudioMixerGroup: {fileID: 0}
  m_audioClip: {fileID: 0}
  m_PlayOnAwake: 1
  m_Volume: 0.108
  m_Pitch: 1
  Loop: 0
  Mute: 0
  Spatialize: 0
  SpatializePostEffects: 0
  Priority: 128
  DopplerLevel: 1
  MinDistance: 1
  MaxDistance: 500
  Pan2D: 0
  rolloffMode: 0
  BypassEffects: 0
  BypassListenerEffects: 0
  BypassReverbZones: 0
  rolloffCustomCurve:
    serializedVersion: 2
    m_Curve:
    - serializedVersion: 3
      time: 0
      value: 1
      inSlope: 0
      outSlope: 0
      tangentMode: 0
      weightedMode: 0
      inWeight: 0.33333334
      outWeight: 0.33333334
    - serializedVersion: 3
      time: 1
      value: 0
      inSlope: 0
      outSlope: 0
      tangentMode: 0
      weightedMode: 0
      inWeight: 0.33333334
      outWeight: 0.33333334
    m_PreInfinity: 2
    m_PostInfinity: 2
    m_RotationOrder: 4
  panLevelCustomCurve:
    serializedVersion: 2
    m_Curve:
    - serializedVersion: 3
      time: 0
      value: 0
      inSlope: 0
      outSlope: 0
      tangentMode: 0
      weightedMode: 0
      inWeight: 0.33333334
      outWeight: 0.33333334
    m_PreInfinity: 2
    m_PostInfinity: 2
    m_RotationOrder: 4
  spreadCustomCurve:
    serializedVersion: 2
    m_Curve:
    - serializedVersion: 3
      time: 0
      value: 0
      inSlope: 0
      outSlope: 0
      tangentMode: 0
      weightedMode: 0
      inWeight: 0.33333334
      outWeight: 0.33333334
    m_PreInfinity: 2
    m_PostInfinity: 2
    m_RotationOrder: 4
  reverbZoneMixCustomCurve:
    serializedVersion: 2
    m_Curve:
    - serializedVersion: 3
      time: 0
      value: 1
      inSlope: 0
      outSlope: 0
      tangentMode: 0
      weightedMode: 0
      inWeight: 0.33333334
      outWeight: 0.33333334
    m_PreInfinity: 2
    m_PostInfinity: 2
    m_RotationOrder: 4
--- !u!1 &3581656305078606245
GameObject:
  m_ObjectHideFlags: 0
  m_CorrespondingSourceObject: {fileID: 0}
  m_PrefabInstance: {fileID: 0}
  m_PrefabAsset: {fileID: 0}
  serializedVersion: 6
  m_Component:
  - component: {fileID: 3581656305078606168}
  - component: {fileID: 3581656305078606171}
  - component: {fileID: 3581656305078606170}
  - component: {fileID: 3581656305078606169}
  m_Layer: 0
  m_Name: Main Camera
  m_TagString: MainCamera
  m_Icon: {fileID: 0}
  m_NavMeshLayer: 0
  m_StaticEditorFlags: 0
  m_IsActive: 1
--- !u!4 &3581656305078606168
Transform:
  m_ObjectHideFlags: 0
  m_CorrespondingSourceObject: {fileID: 0}
  m_PrefabInstance: {fileID: 0}
  m_PrefabAsset: {fileID: 0}
  m_GameObject: {fileID: 3581656305078606245}
  m_LocalRotation: {x: 0.18301274, y: 0.6830127, z: -0.18301274, w: 0.6830127}
  m_LocalPosition: {x: -64.85321, y: 32.470665, z: -0.18448067}
  m_LocalScale: {x: 1, y: 1, z: 1}
  m_Children:
  - {fileID: 3581656304531097151}
  - {fileID: 3581656304087589490}
  m_Father: {fileID: 3581656303766939928}
  m_RootOrder: 4
  m_LocalEulerAnglesHint: {x: 30, y: 90, z: 0}
--- !u!20 &3581656305078606171
Camera:
  m_ObjectHideFlags: 0
  m_CorrespondingSourceObject: {fileID: 0}
  m_PrefabInstance: {fileID: 0}
  m_PrefabAsset: {fileID: 0}
  m_GameObject: {fileID: 3581656305078606245}
  m_Enabled: 1
  serializedVersion: 2
  m_ClearFlags: 1
  m_BackGroundColor: {r: 0.19215687, g: 0.3019608, b: 0.4745098, a: 0}
  m_projectionMatrixMode: 1
  m_GateFitMode: 2
  m_FOVAxisMode: 0
  m_SensorSize: {x: 36, y: 24}
  m_LensShift: {x: 0, y: 0}
  m_FocalLength: 50
  m_NormalizedViewPortRect:
    serializedVersion: 2
    x: 0
    y: 0
    width: 1
    height: 1
  near clip plane: 0.3
  far clip plane: 1000
  field of view: 60
  orthographic: 0
  orthographic size: 5
  m_Depth: -1
  m_CullingMask:
    serializedVersion: 2
    m_Bits: 4294967295
  m_RenderingPath: -1
  m_TargetTexture: {fileID: 0}
  m_TargetDisplay: 0
  m_TargetEye: 3
  m_HDR: 1
  m_AllowMSAA: 1
  m_AllowDynamicResolution: 0
  m_ForceIntoRT: 0
  m_OcclusionCulling: 1
  m_StereoConvergence: 10
  m_StereoSeparation: 0.022
--- !u!81 &3581656305078606170
AudioListener:
  m_ObjectHideFlags: 0
  m_CorrespondingSourceObject: {fileID: 0}
  m_PrefabInstance: {fileID: 0}
  m_PrefabAsset: {fileID: 0}
  m_GameObject: {fileID: 3581656305078606245}
  m_Enabled: 1
--- !u!114 &3581656305078606169
MonoBehaviour:
  m_ObjectHideFlags: 0
  m_CorrespondingSourceObject: {fileID: 0}
  m_PrefabInstance: {fileID: 0}
  m_PrefabAsset: {fileID: 0}
  m_GameObject: {fileID: 3581656305078606245}
  m_Enabled: 1
  m_EditorHideFlags: 0
  m_Script: {fileID: 11500000, guid: 54e0278aa0524bf42966cf4f85481c44, type: 3}
  m_Name: 
  m_EditorClassIdentifier: 
  Horse: {fileID: 3388254024903357000}
--- !u!1 &3581656305621471579
GameObject:
  m_ObjectHideFlags: 0
  m_CorrespondingSourceObject: {fileID: 0}
  m_PrefabInstance: {fileID: 0}
  m_PrefabAsset: {fileID: 0}
  serializedVersion: 6
  m_Component:
  - component: {fileID: 3581656305621471582}
  - component: {fileID: 3581656305621471577}
  - component: {fileID: 3581656305621471576}
  m_Layer: 0
  m_Name: EventSystem
  m_TagString: Untagged
  m_Icon: {fileID: 0}
  m_NavMeshLayer: 0
  m_StaticEditorFlags: 0
  m_IsActive: 1
--- !u!4 &3581656305621471582
Transform:
  m_ObjectHideFlags: 0
  m_CorrespondingSourceObject: {fileID: 0}
  m_PrefabInstance: {fileID: 0}
  m_PrefabAsset: {fileID: 0}
  m_GameObject: {fileID: 3581656305621471579}
  m_LocalRotation: {x: -0, y: -0, z: -0, w: 1}
  m_LocalPosition: {x: 792.7568, y: 17.470665, z: -23.974482}
  m_LocalScale: {x: 1, y: 1, z: 1}
  m_Children: []
  m_Father: {fileID: 3581656303766939928}
  m_RootOrder: 6
  m_LocalEulerAnglesHint: {x: 0, y: 0, z: 0}
--- !u!114 &3581656305621471577
MonoBehaviour:
  m_ObjectHideFlags: 0
  m_CorrespondingSourceObject: {fileID: 0}
  m_PrefabInstance: {fileID: 0}
  m_PrefabAsset: {fileID: 0}
  m_GameObject: {fileID: 3581656305621471579}
  m_Enabled: 1
  m_EditorHideFlags: 0
  m_Script: {fileID: 11500000, guid: 76c392e42b5098c458856cdf6ecaaaa1, type: 3}
  m_Name: 
  m_EditorClassIdentifier: 
  m_FirstSelected: {fileID: 0}
  m_sendNavigationEvents: 1
  m_DragThreshold: 10
--- !u!114 &3581656305621471576
MonoBehaviour:
  m_ObjectHideFlags: 0
  m_CorrespondingSourceObject: {fileID: 0}
  m_PrefabInstance: {fileID: 0}
  m_PrefabAsset: {fileID: 0}
  m_GameObject: {fileID: 3581656305621471579}
  m_Enabled: 1
  m_EditorHideFlags: 0
  m_Script: {fileID: 11500000, guid: 4f231c4fb786f3946a6b90b886c48677, type: 3}
  m_Name: 
  m_EditorClassIdentifier: 
  m_HorizontalAxis: Horizontal
  m_VerticalAxis: Vertical
  m_SubmitButton: Submit
  m_CancelButton: Cancel
  m_InputActionsPerSecond: 10
  m_RepeatDelay: 0.5
  m_ForceModuleActive: 0
--- !u!1 &4279791030254281824
GameObject:
  m_ObjectHideFlags: 0
  m_CorrespondingSourceObject: {fileID: 0}
  m_PrefabInstance: {fileID: 0}
  m_PrefabAsset: {fileID: 0}
  serializedVersion: 6
  m_Component:
  - component: {fileID: 1545987817567592334}
  - component: {fileID: 4085304255463640897}
  - component: {fileID: 7246871317514625762}
  m_Layer: 5
  m_Name: HorseHelpTextBubble
  m_TagString: Untagged
  m_Icon: {fileID: 0}
  m_NavMeshLayer: 0
  m_StaticEditorFlags: 0
  m_IsActive: 1
--- !u!224 &1545987817567592334
RectTransform:
  m_ObjectHideFlags: 0
  m_CorrespondingSourceObject: {fileID: 0}
  m_PrefabInstance: {fileID: 0}
  m_PrefabAsset: {fileID: 0}
  m_GameObject: {fileID: 4279791030254281824}
  m_LocalRotation: {x: 0, y: 0, z: 0, w: 1}
  m_LocalPosition: {x: 0, y: 0, z: 0}
  m_LocalScale: {x: 1, y: 1, z: 1}
  m_Children: []
  m_Father: {fileID: 45201178215566512}
  m_RootOrder: 0
  m_LocalEulerAnglesHint: {x: 0, y: 0, z: 0}
  m_AnchorMin: {x: 0, y: 0}
  m_AnchorMax: {x: 1, y: 1}
  m_AnchoredPosition: {x: 0, y: -0.6759949}
  m_SizeDelta: {x: -18.140015, y: -9.669998}
  m_Pivot: {x: 0.5, y: 0.5}
--- !u!222 &4085304255463640897
CanvasRenderer:
  m_ObjectHideFlags: 0
  m_CorrespondingSourceObject: {fileID: 0}
  m_PrefabInstance: {fileID: 0}
  m_PrefabAsset: {fileID: 0}
  m_GameObject: {fileID: 4279791030254281824}
  m_CullTransparentMesh: 1
--- !u!114 &7246871317514625762
MonoBehaviour:
  m_ObjectHideFlags: 0
  m_CorrespondingSourceObject: {fileID: 0}
  m_PrefabInstance: {fileID: 0}
  m_PrefabAsset: {fileID: 0}
  m_GameObject: {fileID: 4279791030254281824}
  m_Enabled: 1
  m_EditorHideFlags: 0
  m_Script: {fileID: 11500000, guid: 5f7201a12d95ffc409449d95f23cf332, type: 3}
  m_Name: 
  m_EditorClassIdentifier: 
  m_Material: {fileID: 0}
  m_Color: {r: 0.19607843, g: 0.19607843, b: 0.19607843, a: 1}
  m_RaycastTarget: 1
  m_RaycastPadding: {x: 0, y: 0, z: 0, w: 0}
  m_Maskable: 1
  m_OnCullStateChanged:
    m_PersistentCalls:
      m_Calls: []
  m_FontData:
    m_Font: {fileID: 12800000, guid: 31d908dcc417a00469a7bd238b531872, type: 3}
    m_FontSize: 14
    m_FontStyle: 0
    m_BestFit: 1
    m_MinSize: 10
    m_MaxSize: 300
    m_Alignment: 0
    m_AlignByGeometry: 0
    m_RichText: 1
    m_HorizontalOverflow: 0
    m_VerticalOverflow: 0
    m_LineSpacing: 1
  m_Text: "\tHier kan text voor de textbox naast\n\thet paard, nye-he-he-he!"
--- !u!114 &3581656304630145470
MonoBehaviour:
  m_ObjectHideFlags: 0
  m_CorrespondingSourceObject: {fileID: 0}
  m_PrefabInstance: {fileID: 0}
  m_PrefabAsset: {fileID: 0}
  m_GameObject: {fileID: 4428710512113353265}
  m_Enabled: 1
  m_EditorHideFlags: 0
  m_Script: {fileID: 11500000, guid: a6b4818808804de4f951c3647566138c, type: 3}
  m_Name: 
  m_EditorClassIdentifier: 
  Horse: {fileID: 3388254024903357003}
  AimController: {fileID: 5207635761699410636}
  BombSpawn: {fileID: 2789131450687035742}
  Explosion: {fileID: 2605847127448908773, guid: c4773510dc8005640b174928e0e06093, type: 3}
  PowerBar: {fileID: 4316829469022825740}
--- !u!1 &4719151634052400850
GameObject:
  m_ObjectHideFlags: 0
  m_CorrespondingSourceObject: {fileID: 0}
  m_PrefabInstance: {fileID: 0}
  m_PrefabAsset: {fileID: 0}
  serializedVersion: 6
  m_Component:
  - component: {fileID: 5288915492706653711}
  - component: {fileID: 5394950983905655689}
  - component: {fileID: 7587628509644107685}
  m_Layer: 5
  m_Name: Panel
  m_TagString: Untagged
  m_Icon: {fileID: 0}
  m_NavMeshLayer: 0
  m_StaticEditorFlags: 0
  m_IsActive: 1
--- !u!224 &5288915492706653711
RectTransform:
  m_ObjectHideFlags: 0
  m_CorrespondingSourceObject: {fileID: 0}
  m_PrefabInstance: {fileID: 0}
  m_PrefabAsset: {fileID: 0}
  m_GameObject: {fileID: 4719151634052400850}
  m_LocalRotation: {x: 0, y: 0, z: 0, w: 1}
  m_LocalPosition: {x: 0, y: 0, z: 0}
  m_LocalScale: {x: 1, y: 1, z: 1}
  m_Children: []
  m_Father: {fileID: 6641001053247662007}
  m_RootOrder: 0
  m_LocalEulerAnglesHint: {x: 0, y: 0, z: 0}
  m_AnchorMin: {x: 1, y: 1}
  m_AnchorMax: {x: 1, y: 1}
  m_AnchoredPosition: {x: -50, y: -71.400024}
  m_SizeDelta: {x: 100, y: 100}
  m_Pivot: {x: 0.5, y: 0.5}
--- !u!222 &5394950983905655689
CanvasRenderer:
  m_ObjectHideFlags: 0
  m_CorrespondingSourceObject: {fileID: 0}
  m_PrefabInstance: {fileID: 0}
  m_PrefabAsset: {fileID: 0}
  m_GameObject: {fileID: 4719151634052400850}
  m_CullTransparentMesh: 1
--- !u!114 &7587628509644107685
MonoBehaviour:
  m_ObjectHideFlags: 0
  m_CorrespondingSourceObject: {fileID: 0}
  m_PrefabInstance: {fileID: 0}
  m_PrefabAsset: {fileID: 0}
  m_GameObject: {fileID: 4719151634052400850}
  m_Enabled: 0
  m_EditorHideFlags: 0
  m_Script: {fileID: 11500000, guid: fe87c0e1cc204ed48ad3b37840f39efc, type: 3}
  m_Name: 
  m_EditorClassIdentifier: 
  m_Material: {fileID: 0}
  m_Color: {r: 1, g: 1, b: 1, a: 0.392}
  m_RaycastTarget: 1
  m_RaycastPadding: {x: 0, y: 0, z: 0, w: 0}
  m_Maskable: 1
  m_OnCullStateChanged:
    m_PersistentCalls:
      m_Calls: []
  m_Sprite: {fileID: 10907, guid: 0000000000000000f000000000000000, type: 0}
  m_Type: 1
  m_PreserveAspect: 0
  m_FillCenter: 1
  m_FillMethod: 4
  m_FillAmount: 1
  m_FillClockwise: 1
  m_FillOrigin: 0
  m_UseSpriteMesh: 0
  m_PixelsPerUnitMultiplier: 1
--- !u!1 &6043028628593297897
GameObject:
  m_ObjectHideFlags: 0
  m_CorrespondingSourceObject: {fileID: 0}
  m_PrefabInstance: {fileID: 0}
  m_PrefabAsset: {fileID: 0}
  serializedVersion: 6
  m_Component:
  - component: {fileID: 4529521343658231204}
  - component: {fileID: 6458019231424936477}
  - component: {fileID: 4577426184092027693}
  - component: {fileID: 1886936952526886883}
  - component: {fileID: 4404865177588393184}
  m_Layer: 5
  m_Name: SheepText
  m_TagString: Untagged
  m_Icon: {fileID: 0}
  m_NavMeshLayer: 0
  m_StaticEditorFlags: 0
  m_IsActive: 1
--- !u!224 &4529521343658231204
RectTransform:
  m_ObjectHideFlags: 0
  m_CorrespondingSourceObject: {fileID: 0}
  m_PrefabInstance: {fileID: 0}
  m_PrefabAsset: {fileID: 0}
  m_GameObject: {fileID: 6043028628593297897}
  m_LocalRotation: {x: 0, y: 0, z: 0, w: 1}
  m_LocalPosition: {x: 0, y: 0, z: 0}
  m_LocalScale: {x: 1, y: 1, z: 1}
  m_Children: []
  m_Father: {fileID: 1627051102882233420}
  m_RootOrder: 1
  m_LocalEulerAnglesHint: {x: 0, y: 0, z: 0}
  m_AnchorMin: {x: 0, y: 0.112}
  m_AnchorMax: {x: 1, y: 0.5}
  m_AnchoredPosition: {x: 10.0993, y: 0}
  m_SizeDelta: {x: -20.4692, y: 0}
  m_Pivot: {x: 0.5, y: 0.5}
--- !u!222 &6458019231424936477
CanvasRenderer:
  m_ObjectHideFlags: 0
  m_CorrespondingSourceObject: {fileID: 0}
  m_PrefabInstance: {fileID: 0}
  m_PrefabAsset: {fileID: 0}
  m_GameObject: {fileID: 6043028628593297897}
  m_CullTransparentMesh: 1
--- !u!114 &4577426184092027693
MonoBehaviour:
  m_ObjectHideFlags: 0
  m_CorrespondingSourceObject: {fileID: 0}
  m_PrefabInstance: {fileID: 0}
  m_PrefabAsset: {fileID: 0}
  m_GameObject: {fileID: 6043028628593297897}
  m_Enabled: 1
  m_EditorHideFlags: 0
  m_Script: {fileID: 11500000, guid: 5f7201a12d95ffc409449d95f23cf332, type: 3}
  m_Name: 
  m_EditorClassIdentifier: 
  m_Material: {fileID: 0}
  m_Color: {r: 1, g: 1, b: 1, a: 0}
  m_RaycastTarget: 1
  m_RaycastPadding: {x: 0, y: 0, z: 0, w: 0}
  m_Maskable: 1
  m_OnCullStateChanged:
    m_PersistentCalls:
      m_Calls: []
  m_FontData:
    m_Font: {fileID: 12800000, guid: 31d908dcc417a00469a7bd238b531872, type: 3}
    m_FontSize: 37
    m_FontStyle: 0
    m_BestFit: 1
    m_MinSize: 3
    m_MaxSize: 112
    m_Alignment: 1
    m_AlignByGeometry: 0
    m_RichText: 1
    m_HorizontalOverflow: 0
    m_VerticalOverflow: 0
    m_LineSpacing: 1
  m_Text: 0
--- !u!114 &1886936952526886883
MonoBehaviour:
  m_ObjectHideFlags: 0
  m_CorrespondingSourceObject: {fileID: 0}
  m_PrefabInstance: {fileID: 0}
  m_PrefabAsset: {fileID: 0}
  m_GameObject: {fileID: 6043028628593297897}
  m_Enabled: 1
  m_EditorHideFlags: 0
  m_Script: {fileID: 11500000, guid: cfabb0440166ab443bba8876756fdfa9, type: 3}
  m_Name: 
  m_EditorClassIdentifier: 
  m_EffectColor: {r: 0, g: 0, b: 0, a: 0.4745098}
  m_EffectDistance: {x: 1, y: -1}
  m_UseGraphicAlpha: 1
--- !u!114 &4404865177588393184
MonoBehaviour:
  m_ObjectHideFlags: 0
  m_CorrespondingSourceObject: {fileID: 0}
  m_PrefabInstance: {fileID: 0}
  m_PrefabAsset: {fileID: 0}
  m_GameObject: {fileID: 6043028628593297897}
  m_Enabled: 1
  m_EditorHideFlags: 0
  m_Script: {fileID: 11500000, guid: e19747de3f5aca642ab2be37e372fb86, type: 3}
  m_Name: 
  m_EditorClassIdentifier: 
  m_EffectColor: {r: 0, g: 0, b: 0, a: 0.5}
  m_EffectDistance: {x: 1, y: -1}
  m_UseGraphicAlpha: 1
--- !u!1 &6159677058011281684
GameObject:
  m_ObjectHideFlags: 0
  m_CorrespondingSourceObject: {fileID: 0}
  m_PrefabInstance: {fileID: 0}
  m_PrefabAsset: {fileID: 0}
  serializedVersion: 6
  m_Component:
  - component: {fileID: 3839932598640835570}
  - component: {fileID: 1014079677480865495}
  - component: {fileID: 7128152252626668913}
  - component: {fileID: 1287750505557876889}
  m_Layer: 5
  m_Name: HorseImage
  m_TagString: Untagged
  m_Icon: {fileID: 0}
  m_NavMeshLayer: 0
  m_StaticEditorFlags: 0
  m_IsActive: 1
--- !u!224 &3839932598640835570
RectTransform:
  m_ObjectHideFlags: 0
  m_CorrespondingSourceObject: {fileID: 0}
  m_PrefabInstance: {fileID: 0}
  m_PrefabAsset: {fileID: 0}
  m_GameObject: {fileID: 6159677058011281684}
  m_LocalRotation: {x: -0, y: -0, z: -0, w: 1}
  m_LocalPosition: {x: 0, y: 0, z: 0}
  m_LocalScale: {x: 2, y: 2, z: 2}
  m_Children: []
  m_Father: {fileID: 6160551683305229591}
  m_RootOrder: 4
  m_LocalEulerAnglesHint: {x: 0, y: 0, z: 0}
  m_AnchorMin: {x: 0, y: 0}
  m_AnchorMax: {x: 0.20032893, y: 0.18813427}
  m_AnchoredPosition: {x: 0, y: 0}
  m_SizeDelta: {x: -53.745, y: -12.857}
  m_Pivot: {x: 0.5, y: 0.5}
--- !u!222 &1014079677480865495
CanvasRenderer:
  m_ObjectHideFlags: 0
  m_CorrespondingSourceObject: {fileID: 0}
  m_PrefabInstance: {fileID: 0}
  m_PrefabAsset: {fileID: 0}
  m_GameObject: {fileID: 6159677058011281684}
  m_CullTransparentMesh: 1
--- !u!114 &7128152252626668913
MonoBehaviour:
  m_ObjectHideFlags: 0
  m_CorrespondingSourceObject: {fileID: 0}
  m_PrefabInstance: {fileID: 0}
  m_PrefabAsset: {fileID: 0}
  m_GameObject: {fileID: 6159677058011281684}
  m_Enabled: 1
  m_EditorHideFlags: 0
  m_Script: {fileID: 11500000, guid: fe87c0e1cc204ed48ad3b37840f39efc, type: 3}
  m_Name: 
  m_EditorClassIdentifier: 
  m_Material: {fileID: 0}
  m_Color: {r: 1, g: 1, b: 1, a: 1}
  m_RaycastTarget: 1
  m_RaycastPadding: {x: 0, y: 0, z: 0, w: 0}
  m_Maskable: 1
  m_OnCullStateChanged:
    m_PersistentCalls:
      m_Calls: []
  m_Sprite: {fileID: 21300000, guid: b114047624542eb48bda0e685f535aa9, type: 3}
  m_Type: 0
  m_PreserveAspect: 1
  m_FillCenter: 1
  m_FillMethod: 4
  m_FillAmount: 1
  m_FillClockwise: 1
  m_FillOrigin: 0
  m_UseSpriteMesh: 0
  m_PixelsPerUnitMultiplier: 1
--- !u!114 &1287750505557876889
MonoBehaviour:
  m_ObjectHideFlags: 0
  m_CorrespondingSourceObject: {fileID: 0}
  m_PrefabInstance: {fileID: 0}
  m_PrefabAsset: {fileID: 0}
  m_GameObject: {fileID: 6159677058011281684}
  m_Enabled: 1
  m_EditorHideFlags: 0
  m_Script: {fileID: 11500000, guid: b02a917ec8212f34195aa8de06476164, type: 3}
  m_Name: 
  m_EditorClassIdentifier: 
  Mood: Angry
--- !u!1 &7727181548789061507
GameObject:
  m_ObjectHideFlags: 0
  m_CorrespondingSourceObject: {fileID: 0}
  m_PrefabInstance: {fileID: 0}
  m_PrefabAsset: {fileID: 0}
  serializedVersion: 6
  m_Component:
  - component: {fileID: 6160551683305229591}
  - component: {fileID: 2870569080719162984}
  - component: {fileID: 1678290011119985492}
  - component: {fileID: 1431476630563607300}
  m_Layer: 5
  m_Name: Canvas
  m_TagString: Untagged
  m_Icon: {fileID: 0}
  m_NavMeshLayer: 0
  m_StaticEditorFlags: 0
  m_IsActive: 1
--- !u!224 &6160551683305229591
RectTransform:
  m_ObjectHideFlags: 0
  m_CorrespondingSourceObject: {fileID: 0}
  m_PrefabInstance: {fileID: 0}
  m_PrefabAsset: {fileID: 0}
  m_GameObject: {fileID: 7727181548789061507}
  m_LocalRotation: {x: 0, y: 0, z: 0, w: 1}
  m_LocalPosition: {x: 0, y: 0, z: 0}
  m_LocalScale: {x: 0, y: 0, z: 0}
  m_Children:
  - {fileID: 6641001053247662007}
  - {fileID: 1627051102882233420}
  - {fileID: 3319407576929205882}
  - {fileID: 3446200869256265358}
  - {fileID: 3839932598640835570}
  - {fileID: 4968934176324750561}
  - {fileID: 45201178215566512}
  m_Father: {fileID: 3581656303766939928}
  m_RootOrder: 3
  m_LocalEulerAnglesHint: {x: 0, y: 0, z: 0}
  m_AnchorMin: {x: 0, y: 0}
  m_AnchorMax: {x: 0, y: 0}
  m_AnchoredPosition: {x: 0, y: 0}
  m_SizeDelta: {x: 0, y: 0}
  m_Pivot: {x: 0, y: 0}
--- !u!223 &2870569080719162984
Canvas:
  m_ObjectHideFlags: 0
  m_CorrespondingSourceObject: {fileID: 0}
  m_PrefabInstance: {fileID: 0}
  m_PrefabAsset: {fileID: 0}
  m_GameObject: {fileID: 7727181548789061507}
  m_Enabled: 1
  serializedVersion: 3
  m_RenderMode: 1
  m_Camera: {fileID: 0}
  m_PlaneDistance: 100
  m_PixelPerfect: 0
  m_ReceivesEvents: 1
  m_OverrideSorting: 0
  m_OverridePixelPerfect: 0
  m_SortingBucketNormalizedSize: 0
  m_AdditionalShaderChannelsFlag: 0
  m_SortingLayerID: 1461538715
  m_SortingOrder: 2
  m_TargetDisplay: 0
--- !u!114 &1678290011119985492
MonoBehaviour:
  m_ObjectHideFlags: 0
  m_CorrespondingSourceObject: {fileID: 0}
  m_PrefabInstance: {fileID: 0}
  m_PrefabAsset: {fileID: 0}
  m_GameObject: {fileID: 7727181548789061507}
  m_Enabled: 1
  m_EditorHideFlags: 0
  m_Script: {fileID: 11500000, guid: 0cd44c1031e13a943bb63640046fad76, type: 3}
  m_Name: 
  m_EditorClassIdentifier: 
  m_UiScaleMode: 0
  m_ReferencePixelsPerUnit: 100
  m_ScaleFactor: 1
  m_ReferenceResolution: {x: 800, y: 600}
  m_ScreenMatchMode: 0
  m_MatchWidthOrHeight: 0
  m_PhysicalUnit: 3
  m_FallbackScreenDPI: 96
  m_DefaultSpriteDPI: 96
  m_DynamicPixelsPerUnit: 1
  m_PresetInfoIsWorld: 0
--- !u!114 &1431476630563607300
MonoBehaviour:
  m_ObjectHideFlags: 0
  m_CorrespondingSourceObject: {fileID: 0}
  m_PrefabInstance: {fileID: 0}
  m_PrefabAsset: {fileID: 0}
  m_GameObject: {fileID: 7727181548789061507}
  m_Enabled: 1
  m_EditorHideFlags: 0
  m_Script: {fileID: 11500000, guid: dc42784cf147c0c48a680349fa168899, type: 3}
  m_Name: 
  m_EditorClassIdentifier: 
  m_IgnoreReversedGraphics: 1
  m_BlockingObjects: 0
  m_BlockingMask:
    serializedVersion: 2
    m_Bits: 4294967295
--- !u!1 &7900247575773866585
GameObject:
  m_ObjectHideFlags: 0
  m_CorrespondingSourceObject: {fileID: 0}
  m_PrefabInstance: {fileID: 0}
  m_PrefabAsset: {fileID: 0}
  serializedVersion: 6
  m_Component:
  - component: {fileID: 760776419483973258}
  - component: {fileID: 1948655188022215691}
  - component: {fileID: 6029024431807510686}
  m_Layer: 5
  m_Name: SheepIcon
  m_TagString: Untagged
  m_Icon: {fileID: 0}
  m_NavMeshLayer: 0
  m_StaticEditorFlags: 0
  m_IsActive: 1
--- !u!224 &760776419483973258
RectTransform:
  m_ObjectHideFlags: 0
  m_CorrespondingSourceObject: {fileID: 0}
  m_PrefabInstance: {fileID: 0}
  m_PrefabAsset: {fileID: 0}
  m_GameObject: {fileID: 7900247575773866585}
  m_LocalRotation: {x: 0, y: 0, z: 0, w: 1}
  m_LocalPosition: {x: 0, y: 0, z: 0}
  m_LocalScale: {x: 1, y: 1, z: 1}
  m_Children: []
  m_Father: {fileID: 1627051102882233420}
  m_RootOrder: 0
  m_LocalEulerAnglesHint: {x: 0, y: 0, z: 0}
  m_AnchorMin: {x: 0, y: 0.5}
  m_AnchorMax: {x: 1, y: 0.86800003}
  m_AnchoredPosition: {x: -0.06756592, y: 0.000030517578}
  m_SizeDelta: {x: -0.135, y: -0.00012207}
  m_Pivot: {x: 0.5, y: 0.5}
--- !u!222 &1948655188022215691
CanvasRenderer:
  m_ObjectHideFlags: 0
  m_CorrespondingSourceObject: {fileID: 0}
  m_PrefabInstance: {fileID: 0}
  m_PrefabAsset: {fileID: 0}
  m_GameObject: {fileID: 7900247575773866585}
  m_CullTransparentMesh: 1
--- !u!114 &6029024431807510686
MonoBehaviour:
  m_ObjectHideFlags: 0
  m_CorrespondingSourceObject: {fileID: 0}
  m_PrefabInstance: {fileID: 0}
  m_PrefabAsset: {fileID: 0}
  m_GameObject: {fileID: 7900247575773866585}
  m_Enabled: 1
  m_EditorHideFlags: 0
  m_Script: {fileID: 11500000, guid: fe87c0e1cc204ed48ad3b37840f39efc, type: 3}
  m_Name: 
  m_EditorClassIdentifier: 
  m_Material: {fileID: 0}
  m_Color: {r: 1, g: 1, b: 1, a: 0}
  m_RaycastTarget: 1
  m_RaycastPadding: {x: 0, y: 0, z: 0, w: 0}
  m_Maskable: 1
  m_OnCullStateChanged:
    m_PersistentCalls:
      m_Calls: []
  m_Sprite: {fileID: 21300000, guid: 697c6f5adc0949647bbc81556af11f2c, type: 3}
  m_Type: 0
  m_PreserveAspect: 1
  m_FillCenter: 1
  m_FillMethod: 4
  m_FillAmount: 1
  m_FillClockwise: 1
  m_FillOrigin: 0
  m_UseSpriteMesh: 0
  m_PixelsPerUnitMultiplier: 1
--- !u!1001 &3581656304466430576
PrefabInstance:
  m_ObjectHideFlags: 0
  serializedVersion: 2
  m_Modification:
    m_TransformParent: {fileID: 3908596794950310027}
    m_Modifications:
    - target: {fileID: 8786984997162398515, guid: e4fb11104a1972349b76dd29c43b9622, type: 3}
      propertyPath: m_LocalScale.y
      value: 0.25
      objectReference: {fileID: 0}
    - target: {fileID: 8786984997162398515, guid: e4fb11104a1972349b76dd29c43b9622, type: 3}
      propertyPath: m_LocalPosition.y
      value: -0.16
      objectReference: {fileID: 0}
    - target: {fileID: 8786984998477781180, guid: e4fb11104a1972349b76dd29c43b9622, type: 3}
      propertyPath: m_RootOrder
      value: 1
      objectReference: {fileID: 0}
    - target: {fileID: 8786984998477781180, guid: e4fb11104a1972349b76dd29c43b9622, type: 3}
      propertyPath: m_LocalPosition.x
      value: 0
      objectReference: {fileID: 0}
    - target: {fileID: 8786984998477781180, guid: e4fb11104a1972349b76dd29c43b9622, type: 3}
      propertyPath: m_LocalPosition.y
      value: 0
      objectReference: {fileID: 0}
    - target: {fileID: 8786984998477781180, guid: e4fb11104a1972349b76dd29c43b9622, type: 3}
      propertyPath: m_LocalPosition.z
      value: 0
      objectReference: {fileID: 0}
    - target: {fileID: 8786984998477781180, guid: e4fb11104a1972349b76dd29c43b9622, type: 3}
      propertyPath: m_LocalRotation.w
      value: 0.656059
      objectReference: {fileID: 0}
    - target: {fileID: 8786984998477781180, guid: e4fb11104a1972349b76dd29c43b9622, type: 3}
      propertyPath: m_LocalRotation.x
      value: 0
      objectReference: {fileID: 0}
    - target: {fileID: 8786984998477781180, guid: e4fb11104a1972349b76dd29c43b9622, type: 3}
      propertyPath: m_LocalRotation.y
      value: -0.75470966
      objectReference: {fileID: 0}
    - target: {fileID: 8786984998477781180, guid: e4fb11104a1972349b76dd29c43b9622, type: 3}
      propertyPath: m_LocalRotation.z
      value: 0
      objectReference: {fileID: 0}
    - target: {fileID: 8786984998477781180, guid: e4fb11104a1972349b76dd29c43b9622, type: 3}
      propertyPath: m_LocalEulerAnglesHint.x
      value: 0
      objectReference: {fileID: 0}
    - target: {fileID: 8786984998477781180, guid: e4fb11104a1972349b76dd29c43b9622, type: 3}
      propertyPath: m_LocalEulerAnglesHint.y
      value: -98
      objectReference: {fileID: 0}
    - target: {fileID: 8786984998477781180, guid: e4fb11104a1972349b76dd29c43b9622, type: 3}
      propertyPath: m_LocalEulerAnglesHint.z
      value: 0
      objectReference: {fileID: 0}
    - target: {fileID: 8786984998477781181, guid: e4fb11104a1972349b76dd29c43b9622, type: 3}
      propertyPath: m_Name
      value: Aim Controller
      objectReference: {fileID: 0}
    m_RemovedComponents: []
  m_SourcePrefab: {fileID: 100100000, guid: e4fb11104a1972349b76dd29c43b9622, type: 3}
--- !u!4 &5207635761699410636 stripped
Transform:
  m_CorrespondingSourceObject: {fileID: 8786984998477781180, guid: e4fb11104a1972349b76dd29c43b9622, type: 3}
  m_PrefabInstance: {fileID: 3581656304466430576}
  m_PrefabAsset: {fileID: 0}
--- !u!4 &2789131450687035742 stripped
Transform:
  m_CorrespondingSourceObject: {fileID: 1657435886709674798, guid: e4fb11104a1972349b76dd29c43b9622, type: 3}
  m_PrefabInstance: {fileID: 3581656304466430576}
  m_PrefabAsset: {fileID: 0}
--- !u!1001 &3581656304772864553
PrefabInstance:
  m_ObjectHideFlags: 0
  serializedVersion: 2
  m_Modification:
    m_TransformParent: {fileID: 3581656303766939928}
    m_Modifications:
    - target: {fileID: 2211802310126958932, guid: b81d87a4ba9b24740b107defe9d7fad5, type: 3}
      propertyPath: m_ConnectedAnchor.x
      value: -0.0000001965089
      objectReference: {fileID: 0}
    - target: {fileID: 2211802310126958932, guid: b81d87a4ba9b24740b107defe9d7fad5, type: 3}
      propertyPath: m_ConnectedAnchor.y
      value: 0.005479587
      objectReference: {fileID: 0}
    - target: {fileID: 2211802310126958932, guid: b81d87a4ba9b24740b107defe9d7fad5, type: 3}
      propertyPath: m_ConnectedAnchor.z
      value: 0.00000013580568
      objectReference: {fileID: 0}
    - target: {fileID: 2211802310322717757, guid: b81d87a4ba9b24740b107defe9d7fad5, type: 3}
      propertyPath: m_ConnectedAnchor.x
      value: 0.004390465
      objectReference: {fileID: 0}
    - target: {fileID: 2211802310322717757, guid: b81d87a4ba9b24740b107defe9d7fad5, type: 3}
      propertyPath: m_ConnectedAnchor.y
      value: 1.7802563
      objectReference: {fileID: 0}
    - target: {fileID: 2211802310322717757, guid: b81d87a4ba9b24740b107defe9d7fad5, type: 3}
      propertyPath: m_ConnectedAnchor.z
      value: -0.058902763
      objectReference: {fileID: 0}
    - target: {fileID: 2211802310468616404, guid: b81d87a4ba9b24740b107defe9d7fad5, type: 3}
      propertyPath: m_ConnectedAnchor.x
      value: 0.002334556
      objectReference: {fileID: 0}
    - target: {fileID: 2211802310468616404, guid: b81d87a4ba9b24740b107defe9d7fad5, type: 3}
      propertyPath: m_ConnectedAnchor.y
      value: 0.008976805
      objectReference: {fileID: 0}
    - target: {fileID: 2211802310468616404, guid: b81d87a4ba9b24740b107defe9d7fad5, type: 3}
      propertyPath: m_ConnectedAnchor.z
      value: 0.000000067048006
      objectReference: {fileID: 0}
    - target: {fileID: 2211802310485783088, guid: b81d87a4ba9b24740b107defe9d7fad5, type: 3}
      propertyPath: m_ConnectedAnchor.x
      value: -0.00000019790582
      objectReference: {fileID: 0}
    - target: {fileID: 2211802310485783088, guid: b81d87a4ba9b24740b107defe9d7fad5, type: 3}
      propertyPath: m_ConnectedAnchor.y
      value: 0.0044795843
      objectReference: {fileID: 0}
    - target: {fileID: 2211802310485783088, guid: b81d87a4ba9b24740b107defe9d7fad5, type: 3}
      propertyPath: m_ConnectedAnchor.z
      value: 0.00000012941695
      objectReference: {fileID: 0}
    - target: {fileID: 2211802310493697405, guid: b81d87a4ba9b24740b107defe9d7fad5, type: 3}
      propertyPath: m_ConnectedAnchor.x
      value: 0.0010250056
      objectReference: {fileID: 0}
    - target: {fileID: 2211802310493697405, guid: b81d87a4ba9b24740b107defe9d7fad5, type: 3}
      propertyPath: m_ConnectedAnchor.y
      value: 0.003024796
      objectReference: {fileID: 0}
    - target: {fileID: 2211802310493697405, guid: b81d87a4ba9b24740b107defe9d7fad5, type: 3}
      propertyPath: m_ConnectedAnchor.z
      value: 0.004994429
      objectReference: {fileID: 0}
    - target: {fileID: 2211802310582155866, guid: b81d87a4ba9b24740b107defe9d7fad5, type: 3}
      propertyPath: m_ConnectedAnchor.x
      value: -0.0000000060589276
      objectReference: {fileID: 0}
    - target: {fileID: 2211802310582155866, guid: b81d87a4ba9b24740b107defe9d7fad5, type: 3}
      propertyPath: m_ConnectedAnchor.y
      value: -0.012050047
      objectReference: {fileID: 0}
    - target: {fileID: 2211802310582155866, guid: b81d87a4ba9b24740b107defe9d7fad5, type: 3}
      propertyPath: m_ConnectedAnchor.z
      value: 0.000000031326113
      objectReference: {fileID: 0}
    - target: {fileID: 2211802310851464329, guid: b81d87a4ba9b24740b107defe9d7fad5, type: 3}
      propertyPath: m_ConnectedAnchor.x
      value: 0.0010250028
      objectReference: {fileID: 0}
    - target: {fileID: 2211802310851464329, guid: b81d87a4ba9b24740b107defe9d7fad5, type: 3}
      propertyPath: m_ConnectedAnchor.y
      value: 0.0030251998
      objectReference: {fileID: 0}
    - target: {fileID: 2211802310851464329, guid: b81d87a4ba9b24740b107defe9d7fad5, type: 3}
      propertyPath: m_ConnectedAnchor.z
      value: -0.0049381014
      objectReference: {fileID: 0}
    - target: {fileID: 2211802310967863393, guid: b81d87a4ba9b24740b107defe9d7fad5, type: 3}
      propertyPath: m_Name
      value: riggedpaardTex 1
      objectReference: {fileID: 0}
    - target: {fileID: 2211802310967863394, guid: b81d87a4ba9b24740b107defe9d7fad5, type: 3}
      propertyPath: m_RootOrder
      value: 1
      objectReference: {fileID: 0}
    - target: {fileID: 2211802310967863394, guid: b81d87a4ba9b24740b107defe9d7fad5, type: 3}
      propertyPath: m_LocalPosition.x
      value: -39.543213
      objectReference: {fileID: 0}
    - target: {fileID: 2211802310967863394, guid: b81d87a4ba9b24740b107defe9d7fad5, type: 3}
      propertyPath: m_LocalPosition.y
      value: 18.610664
      objectReference: {fileID: 0}
    - target: {fileID: 2211802310967863394, guid: b81d87a4ba9b24740b107defe9d7fad5, type: 3}
      propertyPath: m_LocalPosition.z
      value: -1.3844814
      objectReference: {fileID: 0}
    - target: {fileID: 2211802310967863394, guid: b81d87a4ba9b24740b107defe9d7fad5, type: 3}
      propertyPath: m_LocalRotation.w
      value: 0.8796071
      objectReference: {fileID: 0}
    - target: {fileID: 2211802310967863394, guid: b81d87a4ba9b24740b107defe9d7fad5, type: 3}
      propertyPath: m_LocalRotation.x
      value: -0
      objectReference: {fileID: 0}
    - target: {fileID: 2211802310967863394, guid: b81d87a4ba9b24740b107defe9d7fad5, type: 3}
      propertyPath: m_LocalRotation.y
      value: -0.475701
      objectReference: {fileID: 0}
    - target: {fileID: 2211802310967863394, guid: b81d87a4ba9b24740b107defe9d7fad5, type: 3}
      propertyPath: m_LocalRotation.z
      value: -0
      objectReference: {fileID: 0}
    - target: {fileID: 2211802310967863394, guid: b81d87a4ba9b24740b107defe9d7fad5, type: 3}
      propertyPath: m_LocalEulerAnglesHint.x
      value: 0
      objectReference: {fileID: 0}
    - target: {fileID: 2211802310967863394, guid: b81d87a4ba9b24740b107defe9d7fad5, type: 3}
      propertyPath: m_LocalEulerAnglesHint.y
      value: -56.81
      objectReference: {fileID: 0}
    - target: {fileID: 2211802310967863394, guid: b81d87a4ba9b24740b107defe9d7fad5, type: 3}
      propertyPath: m_LocalEulerAnglesHint.z
      value: 0
      objectReference: {fileID: 0}
    - target: {fileID: 2211802311085924869, guid: b81d87a4ba9b24740b107defe9d7fad5, type: 3}
      propertyPath: m_ConnectedAnchor.x
      value: -0.00000016158425
      objectReference: {fileID: 0}
    - target: {fileID: 2211802311085924869, guid: b81d87a4ba9b24740b107defe9d7fad5, type: 3}
      propertyPath: m_ConnectedAnchor.y
      value: 0.004479585
      objectReference: {fileID: 0}
    - target: {fileID: 2211802311085924869, guid: b81d87a4ba9b24740b107defe9d7fad5, type: 3}
      propertyPath: m_ConnectedAnchor.z
      value: 0.00000011015713
      objectReference: {fileID: 0}
    - target: {fileID: 2211802311263461190, guid: b81d87a4ba9b24740b107defe9d7fad5, type: 3}
      propertyPath: m_ConnectedAnchor.x
      value: 0.000025006006
      objectReference: {fileID: 0}
    - target: {fileID: 2211802311263461190, guid: b81d87a4ba9b24740b107defe9d7fad5, type: 3}
      propertyPath: m_ConnectedAnchor.y
      value: 0.010074834
      objectReference: {fileID: 0}
    - target: {fileID: 2211802311263461190, guid: b81d87a4ba9b24740b107defe9d7fad5, type: 3}
      propertyPath: m_ConnectedAnchor.z
      value: 0.0049944185
      objectReference: {fileID: 0}
    - target: {fileID: 2211802311631704553, guid: b81d87a4ba9b24740b107defe9d7fad5, type: 3}
      propertyPath: m_ConnectedAnchor.x
      value: 0.00000019837155
      objectReference: {fileID: 0}
    - target: {fileID: 2211802311631704553, guid: b81d87a4ba9b24740b107defe9d7fad5, type: 3}
      propertyPath: m_ConnectedAnchor.y
      value: 0.0054795854
      objectReference: {fileID: 0}
    - target: {fileID: 2211802311631704553, guid: b81d87a4ba9b24740b107defe9d7fad5, type: 3}
      propertyPath: m_ConnectedAnchor.z
      value: -0.00000012699536
      objectReference: {fileID: 0}
    - target: {fileID: 2211802312262332167, guid: b81d87a4ba9b24740b107defe9d7fad5, type: 3}
      propertyPath: m_ConnectedAnchor.x
      value: 0.00002500314
      objectReference: {fileID: 0}
    - target: {fileID: 2211802312262332167, guid: b81d87a4ba9b24740b107defe9d7fad5, type: 3}
      propertyPath: m_ConnectedAnchor.y
      value: 0.010074797
      objectReference: {fileID: 0}
    - target: {fileID: 2211802312262332167, guid: b81d87a4ba9b24740b107defe9d7fad5, type: 3}
      propertyPath: m_ConnectedAnchor.z
      value: -0.0049378444
      objectReference: {fileID: 0}
    m_RemovedComponents: []
  m_SourcePrefab: {fileID: 100100000, guid: b81d87a4ba9b24740b107defe9d7fad5, type: 3}
--- !u!4 &3388254024903357003 stripped
Transform:
  m_CorrespondingSourceObject: {fileID: 2211802310967863394, guid: b81d87a4ba9b24740b107defe9d7fad5, type: 3}
  m_PrefabInstance: {fileID: 3581656304772864553}
  m_PrefabAsset: {fileID: 0}
--- !u!1 &3388254024903357000 stripped
GameObject:
  m_CorrespondingSourceObject: {fileID: 2211802310967863393, guid: b81d87a4ba9b24740b107defe9d7fad5, type: 3}
  m_PrefabInstance: {fileID: 3581656304772864553}
  m_PrefabAsset: {fileID: 0}
--- !u!1001 &3581656304863214219
PrefabInstance:
  m_ObjectHideFlags: 0
  serializedVersion: 2
  m_Modification:
    m_TransformParent: {fileID: 3908596794950310027}
    m_Modifications:
    - target: {fileID: -8679921383154817045, guid: f1f67a4f0e67b644994108361829bb02, type: 3}
      propertyPath: m_RootOrder
      value: 3
      objectReference: {fileID: 0}
    - target: {fileID: -8679921383154817045, guid: f1f67a4f0e67b644994108361829bb02, type: 3}
      propertyPath: m_LocalScale.x
      value: 0.5
      objectReference: {fileID: 0}
    - target: {fileID: -8679921383154817045, guid: f1f67a4f0e67b644994108361829bb02, type: 3}
      propertyPath: m_LocalScale.y
      value: 0.5
      objectReference: {fileID: 0}
    - target: {fileID: -8679921383154817045, guid: f1f67a4f0e67b644994108361829bb02, type: 3}
      propertyPath: m_LocalScale.z
      value: 0.5
      objectReference: {fileID: 0}
    - target: {fileID: -8679921383154817045, guid: f1f67a4f0e67b644994108361829bb02, type: 3}
      propertyPath: m_LocalPosition.x
      value: 0.16998291
      objectReference: {fileID: 0}
    - target: {fileID: -8679921383154817045, guid: f1f67a4f0e67b644994108361829bb02, type: 3}
      propertyPath: m_LocalPosition.y
      value: 0.01
      objectReference: {fileID: 0}
    - target: {fileID: -8679921383154817045, guid: f1f67a4f0e67b644994108361829bb02, type: 3}
      propertyPath: m_LocalPosition.z
      value: 3.329999
      objectReference: {fileID: 0}
    - target: {fileID: -8679921383154817045, guid: f1f67a4f0e67b644994108361829bb02, type: 3}
      propertyPath: m_LocalRotation.w
      value: 0.5
      objectReference: {fileID: 0}
    - target: {fileID: -8679921383154817045, guid: f1f67a4f0e67b644994108361829bb02, type: 3}
      propertyPath: m_LocalRotation.x
      value: 0.5
      objectReference: {fileID: 0}
    - target: {fileID: -8679921383154817045, guid: f1f67a4f0e67b644994108361829bb02, type: 3}
      propertyPath: m_LocalRotation.y
      value: 0.5
      objectReference: {fileID: 0}
    - target: {fileID: -8679921383154817045, guid: f1f67a4f0e67b644994108361829bb02, type: 3}
      propertyPath: m_LocalRotation.z
      value: -0.5
      objectReference: {fileID: 0}
    - target: {fileID: -8679921383154817045, guid: f1f67a4f0e67b644994108361829bb02, type: 3}
      propertyPath: m_LocalEulerAnglesHint.x
      value: 90
      objectReference: {fileID: 0}
    - target: {fileID: -8679921383154817045, guid: f1f67a4f0e67b644994108361829bb02, type: 3}
      propertyPath: m_LocalEulerAnglesHint.y
      value: 90
      objectReference: {fileID: 0}
    - target: {fileID: -8679921383154817045, guid: f1f67a4f0e67b644994108361829bb02, type: 3}
      propertyPath: m_LocalEulerAnglesHint.z
      value: 0
      objectReference: {fileID: 0}
    - target: {fileID: 746732124243220359, guid: f1f67a4f0e67b644994108361829bb02, type: 3}
      propertyPath: m_LocalScale.x
      value: 0.8
      objectReference: {fileID: 0}
    - target: {fileID: 746732124243220359, guid: f1f67a4f0e67b644994108361829bb02, type: 3}
      propertyPath: m_LocalScale.y
      value: 0.9
      objectReference: {fileID: 0}
    - target: {fileID: 746732124243220359, guid: f1f67a4f0e67b644994108361829bb02, type: 3}
      propertyPath: m_LocalScale.z
      value: 0.25
      objectReference: {fileID: 0}
    - target: {fileID: 746732124243220359, guid: f1f67a4f0e67b644994108361829bb02, type: 3}
      propertyPath: m_LocalPosition.x
      value: 0.18
      objectReference: {fileID: 0}
    - target: {fileID: 919132149155446097, guid: f1f67a4f0e67b644994108361829bb02, type: 3}
      propertyPath: m_Name
      value: Power Bar
      objectReference: {fileID: 0}
    - target: {fileID: 5751315934014233222, guid: f1f67a4f0e67b644994108361829bb02, type: 3}
      propertyPath: m_Name
      value: Power Bar Fill
      objectReference: {fileID: 0}
    - target: {fileID: 7842296094312294292, guid: f1f67a4f0e67b644994108361829bb02, type: 3}
      propertyPath: m_Materials.Array.data[0]
      value: 
      objectReference: {fileID: -8252887962279673802, guid: f1f67a4f0e67b644994108361829bb02, type: 3}
    m_RemovedComponents: []
  m_SourcePrefab: {fileID: 100100000, guid: f1f67a4f0e67b644994108361829bb02, type: 3}
--- !u!4 &4316829469022825740 stripped
Transform:
  m_CorrespondingSourceObject: {fileID: 746732124243220359, guid: f1f67a4f0e67b644994108361829bb02, type: 3}
  m_PrefabInstance: {fileID: 3581656304863214219}
  m_PrefabAsset: {fileID: 0}
--- !u!1001 &3581656304890399759
PrefabInstance:
  m_ObjectHideFlags: 0
  serializedVersion: 2
  m_Modification:
    m_TransformParent: {fileID: 3908596794950310027}
    m_Modifications:
    - target: {fileID: -8679921383154817045, guid: f1f67a4f0e67b644994108361829bb02, type: 3}
      propertyPath: m_RootOrder
      value: 2
      objectReference: {fileID: 0}
    - target: {fileID: -8679921383154817045, guid: f1f67a4f0e67b644994108361829bb02, type: 3}
      propertyPath: m_LocalScale.x
      value: 0.5
      objectReference: {fileID: 0}
    - target: {fileID: -8679921383154817045, guid: f1f67a4f0e67b644994108361829bb02, type: 3}
      propertyPath: m_LocalScale.y
      value: 0.5
      objectReference: {fileID: 0}
    - target: {fileID: -8679921383154817045, guid: f1f67a4f0e67b644994108361829bb02, type: 3}
      propertyPath: m_LocalScale.z
      value: 0.5
      objectReference: {fileID: 0}
    - target: {fileID: -8679921383154817045, guid: f1f67a4f0e67b644994108361829bb02, type: 3}
      propertyPath: m_LocalPosition.x
      value: 0.17
      objectReference: {fileID: 0}
    - target: {fileID: -8679921383154817045, guid: f1f67a4f0e67b644994108361829bb02, type: 3}
      propertyPath: m_LocalPosition.y
      value: 0
      objectReference: {fileID: 0}
    - target: {fileID: -8679921383154817045, guid: f1f67a4f0e67b644994108361829bb02, type: 3}
      propertyPath: m_LocalPosition.z
      value: 3.33
      objectReference: {fileID: 0}
    - target: {fileID: -8679921383154817045, guid: f1f67a4f0e67b644994108361829bb02, type: 3}
      propertyPath: m_LocalRotation.w
      value: 0.5
      objectReference: {fileID: 0}
    - target: {fileID: -8679921383154817045, guid: f1f67a4f0e67b644994108361829bb02, type: 3}
      propertyPath: m_LocalRotation.x
      value: 0.5
      objectReference: {fileID: 0}
    - target: {fileID: -8679921383154817045, guid: f1f67a4f0e67b644994108361829bb02, type: 3}
      propertyPath: m_LocalRotation.y
      value: 0.5
      objectReference: {fileID: 0}
    - target: {fileID: -8679921383154817045, guid: f1f67a4f0e67b644994108361829bb02, type: 3}
      propertyPath: m_LocalRotation.z
      value: -0.5
      objectReference: {fileID: 0}
    - target: {fileID: -8679921383154817045, guid: f1f67a4f0e67b644994108361829bb02, type: 3}
      propertyPath: m_LocalEulerAnglesHint.x
      value: 90
      objectReference: {fileID: 0}
    - target: {fileID: -8679921383154817045, guid: f1f67a4f0e67b644994108361829bb02, type: 3}
      propertyPath: m_LocalEulerAnglesHint.y
      value: 90
      objectReference: {fileID: 0}
    - target: {fileID: -8679921383154817045, guid: f1f67a4f0e67b644994108361829bb02, type: 3}
      propertyPath: m_LocalEulerAnglesHint.z
      value: 0
      objectReference: {fileID: 0}
    - target: {fileID: 746732124243220359, guid: f1f67a4f0e67b644994108361829bb02, type: 3}
      propertyPath: m_LocalScale.z
      value: 0.25
      objectReference: {fileID: 0}
    - target: {fileID: 919132149155446097, guid: f1f67a4f0e67b644994108361829bb02, type: 3}
      propertyPath: m_Name
      value: UI_Bar
      objectReference: {fileID: 0}
    - target: {fileID: 7842296094312294292, guid: f1f67a4f0e67b644994108361829bb02, type: 3}
      propertyPath: m_Materials.Array.data[0]
      value: 
      objectReference: {fileID: 2100000, guid: 6c0da5b3b5ea86145bf502e1cde4b49a, type: 2}
    m_RemovedComponents: []
  m_SourcePrefab: {fileID: 100100000, guid: f1f67a4f0e67b644994108361829bb02, type: 3}
--- !u!1001 &3581656305477304160
PrefabInstance:
  m_ObjectHideFlags: 0
  serializedVersion: 2
  m_Modification:
    m_TransformParent: {fileID: 3581656303766939928}
    m_Modifications:
    - target: {fileID: -8862895097397910647, guid: 9886e9c86ab569a41b670b534e2643e5, type: 3}
      propertyPath: m_Materials.Array.data[0]
      value: 
      objectReference: {fileID: 2100000, guid: 6c0da5b3b5ea86145bf502e1cde4b49a, type: 2}
    - target: {fileID: -8679921383154817045, guid: 9886e9c86ab569a41b670b534e2643e5, type: 3}
      propertyPath: m_RootOrder
      value: 5
      objectReference: {fileID: 0}
    - target: {fileID: -8679921383154817045, guid: 9886e9c86ab569a41b670b534e2643e5, type: 3}
      propertyPath: m_LocalPosition.x
      value: -36.743225
      objectReference: {fileID: 0}
    - target: {fileID: -8679921383154817045, guid: 9886e9c86ab569a41b670b534e2643e5, type: 3}
      propertyPath: m_LocalPosition.y
      value: 18.110664
      objectReference: {fileID: 0}
    - target: {fileID: -8679921383154817045, guid: 9886e9c86ab569a41b670b534e2643e5, type: 3}
      propertyPath: m_LocalPosition.z
      value: -1.574482
      objectReference: {fileID: 0}
    - target: {fileID: -8679921383154817045, guid: 9886e9c86ab569a41b670b534e2643e5, type: 3}
      propertyPath: m_LocalRotation.w
      value: 1
      objectReference: {fileID: 0}
    - target: {fileID: -8679921383154817045, guid: 9886e9c86ab569a41b670b534e2643e5, type: 3}
      propertyPath: m_LocalRotation.x
      value: -0
      objectReference: {fileID: 0}
    - target: {fileID: -8679921383154817045, guid: 9886e9c86ab569a41b670b534e2643e5, type: 3}
      propertyPath: m_LocalRotation.y
      value: -0
      objectReference: {fileID: 0}
    - target: {fileID: -8679921383154817045, guid: 9886e9c86ab569a41b670b534e2643e5, type: 3}
      propertyPath: m_LocalRotation.z
      value: -0
      objectReference: {fileID: 0}
    - target: {fileID: -8679921383154817045, guid: 9886e9c86ab569a41b670b534e2643e5, type: 3}
      propertyPath: m_LocalEulerAnglesHint.x
      value: 0
      objectReference: {fileID: 0}
    - target: {fileID: -8679921383154817045, guid: 9886e9c86ab569a41b670b534e2643e5, type: 3}
      propertyPath: m_LocalEulerAnglesHint.y
      value: 0
      objectReference: {fileID: 0}
    - target: {fileID: -8679921383154817045, guid: 9886e9c86ab569a41b670b534e2643e5, type: 3}
      propertyPath: m_LocalEulerAnglesHint.z
      value: 0
      objectReference: {fileID: 0}
    - target: {fileID: -7728302527325326931, guid: 9886e9c86ab569a41b670b534e2643e5, type: 3}
      propertyPath: m_Name
      value: UI_Circle
      objectReference: {fileID: 0}
    - target: {fileID: -6615636412577607288, guid: 9886e9c86ab569a41b670b534e2643e5, type: 3}
      propertyPath: m_LocalScale.x
      value: 1
      objectReference: {fileID: 0}
    - target: {fileID: -6615636412577607288, guid: 9886e9c86ab569a41b670b534e2643e5, type: 3}
      propertyPath: m_LocalScale.y
      value: 1
      objectReference: {fileID: 0}
    - target: {fileID: -6615636412577607288, guid: 9886e9c86ab569a41b670b534e2643e5, type: 3}
      propertyPath: m_LocalScale.z
      value: 0.25
      objectReference: {fileID: 0}
    - target: {fileID: -6615636412577607288, guid: 9886e9c86ab569a41b670b534e2643e5, type: 3}
      propertyPath: m_LocalPosition.x
      value: 1.3
      objectReference: {fileID: 0}
    - target: {fileID: -6615636412577607288, guid: 9886e9c86ab569a41b670b534e2643e5, type: 3}
      propertyPath: m_LocalPosition.y
      value: 0
      objectReference: {fileID: 0}
    - target: {fileID: -6615636412577607288, guid: 9886e9c86ab569a41b670b534e2643e5, type: 3}
      propertyPath: m_LocalPosition.z
      value: 3.74
      objectReference: {fileID: 0}
    - target: {fileID: -6615636412577607288, guid: 9886e9c86ab569a41b670b534e2643e5, type: 3}
      propertyPath: m_LocalRotation.w
      value: 0.5
      objectReference: {fileID: 0}
    - target: {fileID: -6615636412577607288, guid: 9886e9c86ab569a41b670b534e2643e5, type: 3}
      propertyPath: m_LocalRotation.x
      value: 0.5
      objectReference: {fileID: 0}
    - target: {fileID: -6615636412577607288, guid: 9886e9c86ab569a41b670b534e2643e5, type: 3}
      propertyPath: m_LocalRotation.y
      value: 0.5
      objectReference: {fileID: 0}
    - target: {fileID: -6615636412577607288, guid: 9886e9c86ab569a41b670b534e2643e5, type: 3}
      propertyPath: m_LocalRotation.z
      value: -0.5
      objectReference: {fileID: 0}
    - target: {fileID: -6615636412577607288, guid: 9886e9c86ab569a41b670b534e2643e5, type: 3}
      propertyPath: m_LocalEulerAnglesHint.x
      value: 90
      objectReference: {fileID: 0}
    - target: {fileID: -6615636412577607288, guid: 9886e9c86ab569a41b670b534e2643e5, type: 3}
      propertyPath: m_LocalEulerAnglesHint.y
      value: 90
      objectReference: {fileID: 0}
    - target: {fileID: 919132149155446097, guid: 9886e9c86ab569a41b670b534e2643e5, type: 3}
      propertyPath: m_Name
      value: Controls
      objectReference: {fileID: 0}
    m_RemovedComponents: []
  m_SourcePrefab: {fileID: 100100000, guid: 9886e9c86ab569a41b670b534e2643e5, type: 3}
--- !u!4 &3908596794950310027 stripped
Transform:
  m_CorrespondingSourceObject: {fileID: -8679921383154817045, guid: 9886e9c86ab569a41b670b534e2643e5, type: 3}
  m_PrefabInstance: {fileID: 3581656305477304160}
  m_PrefabAsset: {fileID: 0}
--- !u!1 &4428710512113353265 stripped
GameObject:
  m_CorrespondingSourceObject: {fileID: 919132149155446097, guid: 9886e9c86ab569a41b670b534e2643e5, type: 3}
  m_PrefabInstance: {fileID: 3581656305477304160}
  m_PrefabAsset: {fileID: 0}
